@article{inmanMeasurementIntroductoryPhysics1973,
  title = {The {{Measurement}} of e/k in the {{Introductory Physics Laboratory}}},
  author = {Inman, Fred W. and Miller, Carl E.},
  year = {1973},
  month = mar,
  journal = {American Journal of Physics},
  volume = {41},
  number = {3},
  pages = {349--351},
  publisher = {{American Association of Physics Teachers}},
  issn = {0002-9505},
  doi = {10.1119/1.1987222},
  annotation = {2 citations (Crossref) [2022-12-06]}
}

@article{millikanIsolationIonPrecision1911,
  title = {The {{Isolation}} of an {{Ion}}, a {{Precision Measurement}} of Its {{Charge}}, and the {{Correction}} of {{Stokes}}'s {{Law}}},
  author = {Millikan, R. A.},
  year = {1911},
  month = apr,
  journal = {Physical Review (Series I)},
  volume = {32},
  number = {4},
  pages = {349--397},
  publisher = {{American Physical Society}},
  doi = {10.1103/PhysRevSeriesI.32.349},
  abstract = {DOI:https://doi.org/10.1103/PhysRevSeriesI.32.349},
  annotation = {33 citations (Crossref) [2022-12-06]},
  file = {/Users/massimosotgia/Zotero/storage/B76PUBXN/Millikan - 1911 - The Isolation of an Ion, a Precision Measurement o.pdf;/Users/massimosotgia/Zotero/storage/JAX5AFGT/PhysRevSeriesI.32.html}
}

@article{crandallMinimalApparatusDetermination1983,
  title = {Minimal Apparatus for Determination of {{Planck}}'s Constant},
  author = {Crandall, R. E. and Delord, J. F.},
  year = {1983},
  month = jan,
  journal = {American Journal of Physics},
  volume = {51},
  number = {1},
  pages = {90--91},
  publisher = {{American Association of Physics Teachers}},
  issn = {0002-9505},
  doi = {10.1119/1.13405},
  annotation = {4 citations (Crossref) [2022-12-06]}
}

@article{einsteinConcerningHeuristicPoint1965,
  title = {Concerning an Heuristic Point of View toward the Emission and Transformation of Light},
  author = {Einstein, Albert},
  year = {1965},
  journal = {American Journal of Physics},
  volume = {33},
  number = {5},
  pages = {367},
  file = {/Users/massimosotgia/Zotero/storage/YU2BLPGV/Einstein - 1965 - Concerning an heuristic point of view toward the e.pdf}
}
